@book{latex,
  title = {LaTeX : A Documentation Preparation System User's Guide and Reference Manual},
  publisher = {Addison-Wesley Professional},
  year = {1994},
  author = {Leslie Lamport}
}

@article{lpi,
    title = {Natural Deduction as Higher-Order Resolution},
    journal = {The Journal of Logic Programming},
    year={1986},
    author = {Lawrence Paulson}
}

@article{pide,
    title = {Isabelle/PIDE after 10 years of development},
    year = {2018},
    journal = {UITP workshop: User Interfaces for Theorem Provers},
    author = {Makarius Wenzel}
}

@online{sublime,
    title = {Sublime Text - Text Editing. Done Right.},
    url = {https://www.sublimetext.com/},
    author = {{Sublime HQ}},
    date = {2021-08-09},
    urlDate = {2021-08-09}
}

@online{intellij,
    title = {IntelliJ IDEA: The Capable and Ergonomic Java IDE by JetBrains},
    url = {https://www.jetbrains.com/idea/},
    author = {{JetBrains}},
    date = {2021-08-09},
    urlDate = {2021-08-09}
}

@online{intellij_lsp,
    title = {LSP Support},
    url = {https://plugins.jetbrains.com/plugin/10209-lsp-support},
    author = {Guillaume Tâche},
    date = {2021-08-09},
    urlDate = {2021-08-09}
}
@online{psm_issue,
    title = {Feature request: prettify symbols mode},
    url = {https://github.com/microsoft/vscode/issues/2402},
    author = {Bell, Christian},
    titleaddon = {Github},
    date = {2016-01-27},
    urlDate = {2021-05-30}
}

@online{code_oss,
    title = {Differences between Code OSS and Visual Studio Code},
    url = {https://github.com/microsoft/vscode/wiki/Differences-between-the-repository-and-Visual-Studio-Code},
    author = {Microsoft},
    titleaddon = {Github},
    date = {2020-03-21},
    urlDate = {2021-05-30}
}

@online{editors_pop,
    title = {Differences between Code OSS and Visual Studio Code},
    url = {https://insights.stackoverflow.com/survey/2019#technology},
    author = {{Stack Overflow}},
    titleaddon = {Stack Overflow},
    date = {2019},
    urlDate = {2021-05-30}
}

@online{git_integration,
    title = {Git integration for Visual Studio Code},
    url = {https://github.com/microsoft/vscode/tree/main/extensions/git},
    author = {Microsoft},
    titleaddon = {Github},
    date = {2018-10-28},
    urlDate = {2021-05-30}
}

@online{vsce_npm,
    title = {The Visual Studio Code Extension Manager},
    url = {https://www.npmjs.com/package/vsce},
    author = {Microsoft},
    titleaddon = {NPM},
    date = {2021-06-01},
    urlDate = {2021-06-01}
}

@online{extension_api,
    title = {Visual Studio Code Extension API},
    url = {https://code.visualstudio.com/api},
    author = {Microsoft},
    date = {2021-05-05},
    urlDate = {2021-06-01}
}

@online{lsp_guide,
    title = {Language Server Extension Guide},
    url = {https://code.visualstudio.com/api/language-extensions/language-server-extension-guide},
    author = {Microsoft},
    date = {2021-05-05},
    urlDate = {2021-06-01}
}

@online{extensions_overview,
    title = {Language Extensions Overview},
    url = {https://code.visualstudio.com/api/language-extensions/overview},
    author = {Microsoft},
    date = {2021-07-08},
    urlDate = {2021-07-08}
}

@online{scala,
    title = {The Scala Programming Language},
    url = {https://www.scala-lang.org/},
    author = {{École Polytechnique Fédérale Lausanne}},
    date = {2021-07-08},
    urlDate = {2021-07-08}
}

@online{lsp_spec,
    title = {Language Server Protocol Specification},
    url = {https://microsoft.github.io/language-server-protocol/specifications/specification-current/},
    author = {Microsoft},
    date = {2021-05-05},
    urlDate = {2021-06-01}
}

@online{afp,
    title = {Archive of Formal Proofs},
    url = {https://www.isa-afp.org/index.html},
    author = {Isabelle},
    date = {2021-05-24},
    urlDate = {2021-06-01}
}

@online{jedit,
    title = { jEdit - Programmer's Text Editor},
    url = {http://www.jedit.org/},
    author = {{jEdit project}},
    date = {2021-05-24},
    urlDate = {2021-06-01}
}

@online{coq,
    title = {The Coq Proof Assistant},
    url = {https://coq.inria.fr/},
    author = {Thierry Coquand, Gérard Huet},
    date = {2021-03-05},
    urlDate = {2021-06-01}
}

@online{lean,
    title = {https://leanprover.github.io/},
    url = {https://leanprover.github.io/},
    author = {{Microsoft Research}},
    date = {2021-05-24},
    urlDate = {2021-06-01}
}

@online{vscoq,
    title = { Coq Support for Visual Studio Code},
    url = {https://github.com/siegebell/vscoq},
    author = {Bell, Christian},
    date = {2017-05-24},
    urlDate = {2021-06-01}
}


@online{psm,
    title = {Prettify Symbols Mode},
    url = {https://github.com/siegebell/vsc-prettify-symbols-mode},
    author = {Bell, Christian},
    date = {2018-05-07},
    urlDate = {2021-06-01}
}

@online{vscode,
    title = {Visual Studio Code - Code Editing. Redefined},
    url = {https://code.visualstudio.com/},
    author = {{Microsoft}},
    date = {2021-06-01},
    urlDate = {2021-06-01}
}

@online{vscode-extension-host,
    title = {Extension Host},
    url = {https://code.visualstudio.com/api/advanced-topics/extension-host},
    author = {{Microsoft}},
    date = {2021-04-24},
    urlDate = {2021-06-01}
}


@online{lsp_sublime,
    title = {LSP for Sublime Text},
    url = {https://lsp.sublimetext.io/},
    author = {{Sublime HQ}},
    date = {2021-08-07},
    urlDate = {2021-08-07}
}

@online{vscode-lean,
    title = {Lean for VS Code},
    url = {https://github.com/leanprover/vscode-lean},
    author = {{Microsoft Research}},
    date = {2021-04-24},
    urlDate = {2021-06-01}
}

@online{ivsc_report,
    author = {Makarius Wenzel},
    title = {Isabelle/VSCode in January 2017},
    url = {http://sketis.net/wp-content/uploads/2017/01/isabelle-vscode-jan-2017.pdf},
    date = {2017-01-26}
}

@online{isabelle_jedit,
    author = {Makarius Wenzel},
    title = {Isabelle/jEdit},
    url = {https://isabelle.in.tum.de/doc/jedit.pdf},
    date = {2021-02-20}
}

@online{isar_ref,
    author = {Makarius Wenzel},
    title = {The Isabelle/Isar Reference Manual},
    url={https://isabelle.in.tum.de/doc/isar-ref.pdf},
    date={2021-02-20}
}